@inproceedings{mukhlisin2021monitoring,
  title={Monitoring rainfall intensity and moisture water content using soil column experiment},
  author={Mukhlisin, M and Yunanto, B and Suharjono, A and Martono, M and Apriantoro, R and Kusumawardani, R},
  booktitle={IOP Conference Series: Materials Science and Engineering},
  volume={1108},
  number={1},
  pages={012007},
  year={2021},
  organization={IOP Publishing}
}

@article{yunanto2025development,
  title={Development of Fins for Underwater Robots with 3D Printer and Experimental Evaluation},
  author={Yunanto, Bagus and Takesue, Naoyuki},
  journal={Journal of Robotics and Mechatronics},
  volume={37},
  number={1},
  pages={212--221},
  year={2025},
  publisher={Fuji Technology Press Ltd.}
}

@article{krishna2022robotic,
  title={Robotic Arm 6 Degree of Freedom (DoF) on SCADA-based Modular Production System (MPS)},
  author={Krishna, Bangun and Kusumastuti, Sri and Yunanto, Bagus and Maulana, Fadlil and Sasti, Heksa Tiara and others},
  journal={Nusantara Science and Technology Proceedings},
  pages={21--27},
  year={2022}
}

@article{yunanto2023experimental,
  title={Experimental Development of Fins for Underwater Robots},
  author={Yunanto, Bagus and Takesue, Naoyuki},
  journal={Journal of Robotics and Mechatronics},
  volume={35},
  number={6},
  pages={1638--1644},
  year={2023},
  publisher={Fuji Technology Press Ltd.}
}

@inproceedings{yunanto2023dynamic,
  title={Dynamic modeling and experiment of robot with fin},
  author={Yunanto, Bagus and Ichimura, Mao and Amemiya, Asami and Takesue, Naoyaki},
  booktitle={The Proceedings of JSME annual Conference on Robotics and Mechatronics (Robomec) 2023},
  pages={1P1--B17},
  year={2023},
  organization={The Japan Society of Mechanical Engineers}
}

@inproceedings{sihono2021robot,
  title={ROBOT NAVIGASI ODOMETRY DENGAN ANTARMUKA MYRIO},
  author={Sihono, Sihono and Permana, Abbas Kiarostami and Rania, Bunga Hasna and Ardiansyah, Sena Ekacandra and Supriyo, Bambang and Yunanto, Bagus and Khrisna, Bangun},
  booktitle={Prosiding Seminar Hasil Penelitian dan Pengabdian Masyarakat},
  volume={3},
  number={1},
  year={2021}
}

@article{yunanto2018compensated,
  title={Compensated Moment of Electric Vehicle use Electronic Stability Control},
  author={Yunanto, Bagus and Siswoyo, Charis Faridchie and Purwanto, Era},
  journal={Journal of Ocean, Mechanical and Aerospace-science and engineering-},
  volume={54},
  number={1},
  pages={17--23},
  year={2018}
}